@article{f1,
  title={Science and football: a review of applied research in the football codes},
  author={Reilly, Thomas and Gilbourne, David},
  journal={Journal of sports sciences},
  volume={21},
  number={9},
  pages={693--705},
  year={2003},
  publisher={Taylor \& Francis}
}

@book{giulianotti2009globalization,
  title={Globalization and football},
  author={Giulianotti, Richard and Robertson, Roland},
  year={2009},
  publisher={Sage}
}